<record xmlns="http://www.loc.gov/MARC21/slim" xmlns:xsi="http://www.w3.org/2001/XMLSchema-instance" xsi:schemaLocation="http://www.loc.gov/MARC21/slim http://www.loc.gov/standards/marcxml/schema/MARC21slim.xsd">

  <leader>00605nam a2200169Ia 4500</leader>
  <datafield ind1=" " ind2=" " tag="999">
    <subfield code="c">2211</subfield>
    <subfield code="d">2211</subfield>
  </datafield>
  <controlfield tag="008">180711b1994       ||||| |||| 00| | spa d</controlfield>
  <datafield ind1=" " ind2=" " tag="090">
    <subfield code="a">18.01.00 </subfield>
    <subfield code="b">522 (Material perdido)</subfield>
  </datafield>
  <datafield ind2=" " ind1=" " tag="100">
    <subfield code="a">Pérez Serrano, Gloria </subfield>
    <subfield code="9">687</subfield>
  </datafield>
  <datafield ind2="0" ind1="1" tag="245">
    <subfield code="a">Modelos cuantitativo versus cualitativo</subfield>
  </datafield>
  <datafield ind2=" " ind1=" " tag="260">
    <subfield code="a">[Lugar de publicación no identicado] : </subfield>
    <subfield code="b">[Editor no identificado], </subfield>
    <subfield code="c">1994</subfield>
  </datafield>
  <datafield ind2=" " ind1=" " tag="300">
    <subfield code="a">42 páginas</subfield>
  </datafield>
  <datafield ind2=" " ind1=" " tag="500">
    <subfield code="a">Nota: tomado de Investigación cualitativa retos e integrantes</subfield>
  </datafield>
  <datafield ind1="1" ind2="4" tag="650">
    <subfield code="a">INVESTIGACIÓN CUALITATIVA</subfield>
    <subfield code="9">317</subfield>
  </datafield>
  <datafield ind1="1" ind2="4" tag="650">
    <subfield code="a">INVESTIGACIÓN CUANTITATIVA</subfield>
    <subfield code="9">1347</subfield>
  </datafield>
  <datafield ind1="1" ind2="4" tag="650">
    <subfield code="a">MODELOS </subfield>
    <subfield code="9">676</subfield>
  </datafield>
  <datafield ind2=" " ind1=" " tag="942">
    <subfield code="2">z</subfield>
    <subfield code="c">01</subfield>
  </datafield>
</record>